<record><leader>00000cas a22000007a 4500</leader><controlfield tag="001">26075070</controlfield><controlfield tag="008">920624d19071913wyuwr ne      0    0eng d</controlfield><datafield ind1=" " ind2=" " tag="010"><subfield code="a">sn 92067104 </subfield></datafield><datafield ind1=" " ind2=" " tag="040"><subfield code="a">NVO</subfield><subfield code="b">eng</subfield><subfield code="c">NVO</subfield><subfield code="d">OCLCQ</subfield></datafield><datafield ind1=" " ind2=" " tag="042"><subfield code="a">msc</subfield></datafield><datafield ind1="0" ind2=" " tag="130"><subfield code="a">Riverton Republican (Riverton, Wyo.)</subfield></datafield><datafield ind1="1" ind2="0" tag="245"><subfield code="a">Riverton Republican.</subfield></datafield><datafield ind1=" " ind2=" " tag="260"><subfield code="a">Riverton, Wyo. :</subfield><subfield code="b">Chenery &amp; Weeks</subfield></datafield><datafield ind1=" " ind2=" " tag="300"><subfield code="a">v.</subfield></datafield><datafield ind1=" " ind2=" " tag="310"><subfield code="a">Weekly</subfield></datafield><datafield ind1="0" ind2=" " tag="362"><subfield code="a">-v. 7, no. 9 (Aug. 15, 1913).</subfield></datafield><datafield ind1=" " ind2=" " tag="515"><subfield code="a">June 29, 1907-May 16, 1913 called: 1st-6th years; May 23-Aug. 15, 1913 called: Vol. 6, no. 49-v. 7, no. 9.</subfield></datafield><datafield ind1=" " ind2=" " tag="588"><subfield code="a">Description based on: 1st year, no. 2 (June 29, 1907).</subfield></datafield><datafield ind1=" " ind2="4" tag="651"><subfield code="a">Riverton (Wyo.)</subfield><subfield code="v">Newspapers.</subfield></datafield><datafield ind1=" " ind2="4" tag="651"><subfield code="a">Fremont County (Wyo.)</subfield><subfield code="v">Newspapers.</subfield></datafield><datafield ind1=" " ind2=" " tag="752"><subfield code="a">United States</subfield><subfield code="b">Wyoming</subfield><subfield code="c">Fremont</subfield><subfield code="d">Riverton.</subfield></datafield><datafield ind1="0" ind2="0" tag="785"><subfield code="t">Riverton review and the Riverton Republican</subfield><subfield code="w">(DLC)sn 92067103</subfield></datafield><datafield ind1="1" ind2=" " tag="029"><subfield code="a">AU@</subfield><subfield code="b">000020692848</subfield></datafield></record>